% ------------------------------------------------------------------------
% ------------------------------------------------------------------------
% ------------------------------------------------------------------------
%     Definicion para elementos utilizados en seccion de Bibliografia
% ------------------------------------------------------------------------
% ------------------------------------------------------------------------
% ------------------------------------------------------------------------

% ------------------------------------------------------------------------
@article{Bhatt97,
author={L. H. Keel and S. P. Bhattacharyya},
journal={{IEEE} Transactions on Automatic Control},
title={Robust, fragile or optimal?},
year={1997},
volume={42},
number={8},
pages={1098-1105},
}
% ------------------------------------------------------------------------
@article{Alzate2016,
author={R. Alzate and  V. A. Oliveira},
journal={Control Applications {(CCA)}, {IEEE} Conference on},
title={Multiobjective design of {PI} controllers with applications},
year={2016},
pages={203-214},
}
% ------------------------------------------------------------------------
@book{ogata2010,
title={Ingenier{\'i}a de control Moderna},
author={Ogata, K.},
year={2010},
publisher={Pearson Education}
}
% ------------------------------------------------------------------------
@mastersthesis{fernandes2008,
author =       {Fernandez da Silva, A.},
title =        {Obten{\c{c}}ao de Conjuntos Estabilizantes de Controladores {PID} para Sistemas com Atraso Utilizando o Teorema de {Hermite-Biehler}},
school =       {Universidad de S{\~a}o Paulo},
year =         {2008},
type =         {Tesis de Maestr{\'i}a (Magister en Ingenier{\'i}a el{\'e}ctrica)},
address =      {Brasil},
}
% ------------------------------------------------------------------------
@article{Datta1999,
author={M. Ho and  A. Datta  and   S. P. Bhattacharyya},
journal={Linear Algebra and its Applications},
title={Generalizations of the {Hermite-Biehler} Theorem},
year={1999},
volume={302-303},
pages={135-153},
}
% ------------------------------------------------------------------------
@inproceedings{Elizondo2013,
author={C. Elizondo and M. López and C. Posadas},
booktitle={Congreso Nacional de Control Autom{\'a}tico {AMCA}, 2013 M{\'e}xico},
title={Conjunto de controladores {PID} para sistemas {LTI} con incertidumbre param{\'e}trica},
year={2013},
pages={797-801},
}
% ------------------------------------------------------------------------
@article{Oliveira2003,
author={V. Oliveira and  M. Teixeira and  L.  Cossi},
journal={Linear Algebra and its Applications},
title={Stabilizing a class of time delay systems using the {Hermite-Biehler} theorem},
year={2003},
volume={369},
pages={203-216},
}
% ------------------------------------------------------------------------
@article{silva2002,
author={Silva, G. and  Datta, A. and Bhattacharyya, S. P.},
journal={{IEEE} Transactions on Automatic Control},
title={New Results on the Synthesis of {PID} Controllers},
year={2002},
volume={47},
number={2},
pages={241-252},
}
% ------------------------------------------------------------------------
@article{Farkh2014,
author={Farkh, R. and  Laabidi, K. and Ksouri, M.},
journal={International Journal of Automation and Computing},
title={Stabilizing Sets of {PI/PID} Controllers for Unstable Second Order Delay System},
year={2014},
volume={11},
number={9},
pages={210-222},
}
% ------------------------------------------------------------------------
@article{Bhattachar1994,
author={L. H. Keel and S. P. Bhattacharyya},
journal={{IFAC} Proceedings Volumes},
title={Robust Control: The Parametric Approach},
year={1994},
volume={27},
pages={49-52},
}
% ------------------------------------------------------------------------
@book{Datta2000,
title={Structure and synthesis of {PID} controllers},
author={Data, A. and  Bhattacharyya, S. P.},
year={2000},
publisher={Springer}
}
% ------------------------------------------------------------------------
@inproceedings{Loera2014,
author={R. Loera and R. Melchor and D. Morales},	
booktitle={Congreso Latinoamericano de Control Autom{\'a}tico {CLCA}, 2014 {M}{\'e}xico},
title={An{\'a}lisis de estabilidad de controladores {PI} para un regulador conmutado boost},
year={2014},
pages={1465-1470},
}
% ------------------------------------------------------------------------
@techreport{roa_ayala2016,
author =       {Roa Cano, Gustavo and Ayala Ortíz, Andruv Saim},
title =        {Control en espacio de estados para un dron tipo cuadrotor},
institution =  {Universidad Industrial de Santander},
year =         {2016},
type =         {Trabajo de Grado (Ingeniero Electr{\'o}nico)},
address =      {Bucaramanga - Colombia},
}
% ------------------------------------------------------------------------
@inproceedings{reviewieee,
author={S. Gupte and P. Mohandas and J. M. Conrad},
booktitle={Southeastcon, 2012 Proceedings of IEEE},
title={A survey of quadrotor Unmanned Aerial Vehicles},
year={2012},
pages={1-6},
}
% ------------------------------------------------------------------------
@book{sears2005fisica,
  title={F{\'\i}sica universitaria: con f{\'\i}sica moderna},
  author={Sears, F. W. and Ford, A. L. and Freedman, R. A.},
  volume={2},
  year={2005},
  publisher={Pearson Educaci{\'o}n}
}
% ------------------------------------------------------------------------
@mastersthesis{raffo2007modelado,
  author =       {Vianna Raffo, Guilherme},
  title =        {Modelado y Control de un Helic{\'o}ptero Quadrotor},
  school =       {Universidad de Sevilla},
  year =         {2007},
  type =         {Tesis de Maestría (Magister en Automática, Robótica y Telemática)},
  address =      {España},
}
% ------------------------------------------------------------------------
@book{spong2008robot,
  title={Robot dynamics and control},
  author={Spong, Mark W. and Vidyasagar, Mathukumalli},
  year={2008},
  publisher={John Wiley \& Sons}
}
% ------------------------------------------------------------------------
@book{stanley1993algebra,
  title={Algebra Lineal con aplicaciones},
  author={Grossman, Stanley I.},
  year={1993},
  publisher={McGraw-Hill},
}
% ------------------------------------------------------------------------
@misc{luukkonen2011modelling,
  author =       {Luukkonen, Teppo},
  title =        {Modelling and control of quadcopter},
  howpublished = {Independent research project in applied mathematics, Aalto University, Finland},
  year =         {2011},
}
% ------------------------------------------------------------------------
@article{Tayebi2006,
author={A. Tayebi and S. Mcgilvray},
journal={IEEE Transactions on Control Systems Technology},
title={Attitude stabilization of a VTOL quadrotor aircraft},
year={2006},
volume={14},
number={3},
pages={562-571},
}
% ------------------------------------------------------------------------
@book{Astrom1995,
title={{PID} Controllers: Theory, Design, and Tuning},
author={Astrom, K. and  Hagglund, T.},
year={1995},
publisher={{ISA: T}he Instrumentation, Systems, and Automation Society}
}
% ------------------------------------------------------------------------
@inproceedings{Diaz2016,
author={I. Díaz and S. P. Bhattacharyya},
booktitle={Decision and Control {(CDC)}, 2016 {IEEE} 55th Conference on},
title={{PI} controller design in the achievable gain-phase margin plane},
year={2016},
pages={4919-4924},
}
% ------------------------------------------------------------------------
@phdthesis{Diaz2017,
author =       {Díaz, I.},
title =        {Modern design of classical controllers},
school =       {Texas {A{\&}M} University},
year =         {2017},
address =      {USA},
}	
% ------------------------------------------------------------------------
@inproceedings{Mendez2008,
author={C. Méndez and S. Niculescu and C. Morarescu and K. Gu},
booktitle={Mediterranean Conference on control and automation},
title={On the fragility of {PI} controllers for time-delay {SISO} systems},
year={2008},
pages={529-534},
}
% ------------------------------------------------------------------------
@article{Safonov1997,
author={M. G. Safonov and Tung-Ching Tsao},
journal={{IEEE} Transactions on Automatic Control},
title={The unfalsified control concept and learning},
year={1997},
volume={42},
number={6},
pages={843-847},
}
% ------------------------------------------------------------------------
@article{Ziegler1942,
author={J. G. Ziegler and N. B. Nichlos},
journal={Transactions of the {ASME}},
title={Optimun settings for automatic controllers},
year={1942},
volume={64},
pages={759-768},
}
% ------------------------------------------------------------------------
@article{Alfaro2002,
author={V. M. Alfaro},
journal={Ingenier{\'i}a},
title={Métodos de sintonización de controladores {PID} que operan como reguladores},
year={2002},
volume={12},
number={1,2},
pages={21-36},
}
% ------------------------------------------------------------------------
@article{Fung1998,
author={H. W. Fung and Q. G. Wang and T. H. Lee},
journal={Autom{\'a}tica},
title={{PI} tuning in terms of gain and phase margin},
year={1998},
volume={34},
number={9},
pages={1145-1149},
}
% ------------------------------------------------------------------------
@article{Hang1992,
author={W. Ho and C. Hang and L. Cao},
journal={Automatica},
title={Tuning of {PI} controller based on gain and phase margin specifications},
year={1995},
volume={31},
number={3},
pages={497-502},
}
% ------------------------------------------------------------------------
@article{toscano2005,
author={R. Toscano},
journal={Journal of process control},
title={A simple robust {PI/PID} controller design via numerical optimization approach},
year={2005},
volume={15},
pages={81-88},
}
% ------------------------------------------------------------------------
@book{Correa2008,
title={De La Sintonizaci{\'o}n De Controladores},
author={Correa, R. and Villamizar, R. and Quiroz, J.},
year={2008},
publisher={Divisi{\'o}n de Publicaciones {UIS}}
}
% ------------------------------------------------------------------------
@article{Morarescu2010,
author={I. C. Morarescu and S. I. Niculescu and K. Gu},
journal={Romanian Journal of Pure and Applied Mathematics},
title={The geometry of stability crossing curves of {PI} controllers for {SISO} systems {I/O} delays},
year={2010},
volume={55},
number={4},
pages={297-313},
}
% ------------------------------------------------------------------------
@article{keel2008,
author={L. H. Keel and S. P. Bhattacharyya},
journal={{IEEE} Transactions on Automatic Control},
title={Controller synthesis free of analytical models: Three term controllers},
year={2008},
volume={53},
number={6},
pages={1353136},
}
% ------------------------------------------------------------------------
@book{chapra2003metodos,
  title={M{\'e}todos Num{\'e}ricos para Ingenieros},
  author={Chapra, S. C. and Canale, R. P.},
  year={2007},
  publisher={Mc-Graw Hill}
}
%--------------------------------------------------------------------------
%--------------------------------------------------------------------------
%--------------------------------------------------------------------------
%--------------------------------------------------------------------------
%--------------------------------------------------------------------------
%--------------------------------------------------------------------------
%--------------------------------------------------------------------------
%--------------------------------------------------------------------------




@article{BARCELONA2019,
	title     = {Smart City 3.0: pregunte a Barcelona por la siguiente generación de ciudades inteligentes},
	journal ={URBAN HUB},
	year      = {2018},
	note       = "Recuperado de \url{http://www.urban-hub.com/es/cities/la-ciudad-de-barcelona-gana-en-inteligencia/}"
}


@book {
	ThesisUis1,
	author  = "Martínez, J. y Vásquez, C",
	title   = "Administración de prototipo infraestructura de computación en la nube del grupo GID-CONUSS con énfasis en la implementación de nuevos módulos de Openstack",
	publisher  = "Universidad Industrial de Santander",
	year      = "2017"
}

@book {
	ThesisUis2,
	author  = "Valbuena, A.",
	title   = "Estudio de una alternativa de integración continua que soporte el desarrollo de una infraestructura ti de servicios de información del transporte publico de pasajeros",
	publisher  = "Universidad Industrial de Santander",
	year      = "2017"
}

@book {
	ThesisUis3,
	author  = "Balaguera, F. y López, A",
	title   = "Implementación de una nueva infraestructura de computación en la nube con modelo de alta disponibilidad basada en Openstack y contenedores para el grupo de investigación GID-CONUSS",
	publisher  = "Universidad Industrial de Santander",
	year      = "2018"
}


@mastersthesis {
	thesisValencia,
	author  = "López, Sergio",
	title   = "Despliegue y monitorización de un clúster Mesos",
	school  = "Escola Tècnica Superior d?Enginyeria Informàtica Universitat Politècnica de València",
	year    = "2016",
	urldate   = {2019-01-05} 
}

@book {
	thesisOulun,
	author  = "Moilanen, Miika",
	title   = "Deploying an application using Docker and Kubernetes",
	publisher  = "Oulu University of Applied Sciences",
	year    = "2018",
	urldate   = {2019-01-05} 
}

@mastersthesis {
	thesisMath,
	author  = "Schuchmann, Marcel",
	title   = "Designing a cloud architecture for an application with many users",
	school  = "University of Jyväskylä",
	year    = "2018",
	urldate   = {2019-01-05} 
}

@article{AwsArchitectureSample,
	title     = {Hosting WordPress on AWS},
	journal = {Amazon Web Services},
	year      = {2018},
	note       = "Recuperado de \url{https://github.com/aws-samples/aws-refarch-wordpress}"
}


@article{AzureArchitectureSample,
	title     = {Azure Blockchain Workbench architecture},
	author    = {Altimore, Pat},
	journal = {Microsoft Azure},
	year      = {2018},
	note       = "Recuperado de \url{https://docs.microsoft.com/en-us/azure/blockchain/workbench/architecture}"
}

@article{GoogleArchitectureSample,
	title     = {Architecture: Complex Event Processing},
	journal = {Google Cloud Platform},
	year      = {2018},
	note       = "Recuperado de \url{https://cloud.google.com/solutions/architecture/complex-event-processing}"
}

@article{MELL2011,
	title     = {The NIST Definition of Cloud Computing. Recommendations of the National Institute of Standards and Technology},
	journal = {National Institute of Standards and Technology},
	year      = {2011},
	author    = {Mell, P. and Grance, T},
	note  = "Recuperado de \url{https://nvlpubs.nist.gov/nistpubs/Legacy/SP/nistspecialpublication800-145.pdf}"
}

@article{GANTENBEIN2017,
	title     = {Securing PaaS deployments},
	journal = {Microsoft Azure Documentation},
	year      = {2017},
	author    = {Gantenbein, H. and Neira, B.},
	note  = "Recuperado de \url{https://docs.microsoft.com/en-us/azure/security/security-paas-deployments}"
}


@article{BENZ2013,
	title     = {Dependability Modeling Framework: A test procedure for High Availability in Cloud Operating Systems},
	journal = {Vehicular Technology Conference},
	year      = {2013},
	author    = {Benz, K. and Bohnert, T},
	note = "Recuperado de \url{https://ieeexplore.ieee.org/document/6692157}"
}

@article{HEIDI2016,
	title     = {What is High Availability},
	journal = {DigitalOcean},
	year      = {2016},
	author    = {Heidi, E},
	note = "Recuperado de \url{https://www.digitalocean.com/community/tutorials/what-is-high-availability}"
}

@article{VILLANUEVA2015,
	title     = {Active-Active vs Active-Passive High Availability Cluster},
	journal = {Jscape},
	year      = {2015},
	author    = {Villanueva, J},
	note = "Recuperado de \url{http://www.jscape.com/blog/active-active-vs-active-passive-high-availability-cluster}"
}


@article{BBC2018,
	title     = {?El mundo se está quedando sin potencia computacional?: ¿ Qué es la Ley de Moore y por qué le preocupa al CEO de Microsoft?},
	journal = {BBC Mundo},
	year      = {2018},
	note = "Recuperado de \url{http://www.bbc.com/mundo/noticias-42803619}"
}

@article{JOY2015,
	title     = {Performance Comparison Between Linux Containers and Virtual Machines},
	journal = {ICACEA},
	year      = {2015},
	author    = {Joy, A.},
	note = "Recuperado de \url{https://ieeexplore.ieee.org/document/7164727/}"
}
@article{WhatAreMicroservices,
	title     = {Understanding microservices},
	year      = {2019},
	journal		= {Red Hat},
	note = "Recuperado de \url{https://www.redhat.com/en/topics/microservices}"
}

@article{EdurekaMicroservices,
	title     = {Microservice Architecture ? Learn, Build and Deploy Microservices},
	author    = {Kappagantula, S.},
	year      = {2019},
	journal 	= {Edureka},
	note = "Recuperado de \url{https://www.edureka.co/blog/microservice-architecture/}"
}

@article{RHDocker,
	title     = {What is DOCKER?},
	journal = {Red Hat},
	note = "Recuperado de \url{https://www.redhat.com/en/topics/containers/what-is-docker}",
	year		= {2016}
}

@article{KubenetesComponentes,
	title     = {Kubernetes Components},
	journal = {Kubernetes},
	note = "Recuperado de \url{https://kubernetes.io/docs/concepts/overview/components/}",
	year		= {2016}
}

@article{KubenetesArquitectura,
	title     = {How We Architected and Run Kubernetes on OpenStack at Scale at Yahoo! JAPAN},
	note = "Recuperado de \url{https://kubernetes.io/blog/2016/10/kubernetes-and-openstack-at-yahoo-japan/}",
	year		= {2016}
}

@article{KubenetesObjetos,
	title     = {Understanding Kubernetes Objects},
	journal = {Kubernetes},
	note = "Recuperado de \url{https://kubernetes.io/docs/concepts/overview/working-with-objects/kubernetes-objects/}",
	year		= {2019}
}

@article{OpenshiftArquitectura,
	title     = {Kubernetes and OpenShift: Community, Standards and Certifications},
	journal = {Fernandes, J},  
	note = "Recuperado de \url{https://blog.openshift.com/kubernetes-and-openshift-community-standards-and-certifications/}",
	year		= {2017}
}

@article {ansibledocumentation,
	title={How Ansible Works},
	note = "Recuperado de \url{https://www.ansible.com/overview/how-ansible-works}",
	journal={Ansible},
	year = {2019}
}

@article {glusterfs,
	title={Installing GlusterFS - a Quick Start Guide},
	journal = {Gluster Documentation},
	note = "Recuperado de \url{https://docs.gluster.org/en/latest/Quick-Start-Guide/Quickstart/}",
	year = {2019}
}


@article{NGINX2017,
	title     = {Web Server Performance of Apache and Nginx: A Systematic Literature Review},
	publisher = {International Institute for Science Technology and Education},
	year      = {2017},
	author    = {Douglas, K and Sipiwe, C and Muwanei Sinyinda},
	note = "Recuperado de \url{https://pdfs.semanticscholar.org/3401/39cd741e234a39b0db7bbaa38aee7c5f944c.pdf}",
	urldate = {2019-03-21},
}


@online {KubernetesVolumes,
	title={Volumes},
	publisher={Kubernetes},
	note = "Recuperado de \url{https://kubernetes.io/docs/concepts/storage/volumes/#types-of-volumes}",
	year = {2019}
}




@article {dnsConfiguration,
	title = {Setting Up DNS Server On CentOS 7},
	note = "Recuperado de \url{https://www.unixmen.com/setting-dns-server-centos-7/}",
	author={Kumarpalani, S},
	year = {2014}
}

@article {kvmVirtualization,
	title = {Instalación y Configuración de KVM en CentOS 7},
	note = "Recuperado de \url{https://eliasmachado20.wordpress.com/2016/04/04/instalacion-y-configuracion-de-kvm-en-centos-7/}",
	author={Machado, E},
	year={2016}
}

@article {openshiftdocsInstallation,
	title={Planning your installation},
	note = "Recuperado de \url{https://docs.okd.io/3.11/install/index.html}",
	year = {2019}
}

@article {SCALING2013,
	title={What is the difference between horizontal and vertical scaling?},
	author={Bansode, R},
	journal={esds},
	year={2013}
}

@article {MOORELAW,
	title={Moore's law: the future of Si microelectronics},
	author={Thompson, S. and Parthasarathy, S},
	journal={Materials Today},
	year={2006}
}

@article {ORCHESTRATION2018,
	title={What Is Container Orchestration?},
	author={Eldridge, I},
	journal={New Relic},
	year={2018}
}

@article {SIA2015,
	title={What is Moore?s Law and Why is it So Great?},
	author={Yinug, F},
	journal={Semiconductor Industry Association},
	year={2015},
	note="Recuperado de \url{https://www.semiconductors.org/what-is-moores-law-and-why-is-it-so-great/}"

}

@article {OPENKUBERNETES,
	title={10 most important differences between OpenShift and Kubernetes},
	author={Cholewa, T},
	year={2018},
	note="Recuperado de \url{https://cloudowski.com/articles/10-differences-between-openshift-and-kubernetes/}"
}

@article {CONTROLEG,
	title={Five characteristics of cloud computing},
	author={Novkovic, G},
	year={2017},
	note="Recuperado de \url{https://www.controleng.com/articles/five-characteristics-of-cloud-computing/}"
}

@article {JMGVIRTUAL,
	title={¿Cómo elegir hipervisor para mi solución de virtualización?},
	author={JMG VIRTUAL CONSULTING},
	year={2012},
	note="Recuperado de \url{https://www.jmgvirtualconsulting.com/servicios-virtualizacion/como-elegir-hipervisor-para-mi-solucion-de-virtualizacion/}"
}

@article {scalingGraph,
	title={Consideration about storage architectures},
	author={Mauro, A},
	year={2012},
	note="Recuperado de \url{https://vinfrastructure.it/2012/07/consideration-about-storage-architectures/}"
}

@book {
	gatewayIoT,
	author  = "Gutiérrez, C",
	title   = "Diseño de un framework software extensible para dispositivos tipo gateway integrados en plataformas IoT para Smart Campus",
	publisher  = "Universidad Industrial de Santander",
	year    = "2019"
}

@book {
	frontIoT,
	title="Diseño de una aplicación Web extensible para la administración de una plataforma IoT diseñada para Smart Campus",
	author="Camacho, F",
	publisher="Universidad Industrial de Santander",
	year="2019"
}

@book {
	backendIoT,
	title="Diseño del componente software backend orientado a una plataforma IoT diseñada para Smart Campus",
	author="Estupiñan, J. and Arias, K",
	publisher="Universidad Industrial de Santander",
	year="2019"
}
